@article{Hanson2004903,
title = "XSophe-Sophe-XeprViewÂ®. A computer simulation software suite (v. 1.1.3) for the analysis of continuous wave EPR spectra",
journal = "Journal of Inorganic Biochemistry",
volume = "98",
number = "5",
pages = "903 - 916",
year = "2004",
note = "<ce:title>Contributions from the 11th International Conference on Biological Inorganic Chemistry</ce:title>",
issn = "0162-0134",
doi = "10.1016/j.jinorgbio.2004.02.003",
url = "http://www.sciencedirect.com/science/article/pii/S0162013404000376",
author = "Graeme R. Hanson and Kevin E. Gates and Christopher J. Noble and Mark Griffin and Anthony Mitchell and Simon Benson",
keywords = "Computer simulations",
keywords = "Continuous wave EPR spectra",
keywords = "Software suite"
}

